@article{lin,
      author = "Xingqin Lin and Radha Krishna Ganti and Philip J. Fleming and Jeffrey G. Andrews",
      title = "Towards Understanding the Fundamentals of Mobility in Cellular Networks",
      journal = "IEEE Transactions on Wireless Communications",
      volume = "12",
	  year = "2013"
}

@article{elk,
      author = "Hussain Elkotby and Mai Vu",
      title = "Interference and Throughput Analysis of Uplink User-Assisted Relaying in Cellular Networks",
      journal = "PIMRC",
	  year = "2014",
}

@misc{ wiki:markovWiki,
	author = "Wikipedia",
	title = "Absorbing Markov chain --- Wikipedia{,} The Free Encyclopedia",
	year = "2016",
	url = "https://en.wikipedia.org/w/index.php?title=Absorbing_Markov_chain&oldid=721021760",
	note = "[Online; accessed 17-June-2016]"
}

@misc{ganti,
	author    = "Radha Krishna Ganti",
	title     = "Stochastic geometry and wireless networks",
	howpublished = "SPCOM",
	year      = "2012",
	month    = "July",
}

@article{shin,
      author = "Seungjae Shin and Uichin Lee and Falko Dressler and Hyunsoo Yoon",
      title = "Analysis of Cell Sojourn Time in Heterogeneous Networks With Small Cells",
      journal = "IEEE COMMUNICATIONS LETTERS",
      volume = "20",
	  year = "2016"
}


