@book{texbook,
author = {Donald E. Knuth},
title= {The {\TeX}book},
publisher = {Addison - Wesley},
year = {1984},
}

@book{latexbook,
author = {Leslie Lamport},
title = {{\LaTeX:} A Document Preparation System},
publisher = {Addison - Wesley},
year = {1986},
}

@misc{knuthwebsite,
author = {Donald E. Knuth},
title = {Knuth: Computers and Typesetting},
howpublished = {\url{http://www-cs-faculty.stanford.edu/\~uno/abcde.html}},
}